{"id":"gen9vgc2026regfbo3-2493174548","format":"[Gen 9] VGC 2026 Reg F (Bo3)","players":["mofonguero","Lunger33"],"log":"|j|\u2606mofonguero\n|j|\u2606Lunger33\n|html|<table width=\"100%\"><tr><td align=\"left\">mofonguero<\/td><td align=\"right\">Lunger33<\/tr><tr><td align=\"left\"><i class=\"fa fa-circle-o\"><\/i> <i class=\"fa fa-circle-o\"><\/i> <\/td><td align=\"right\"><i class=\"fa fa-circle-o\"><\/i> <i class=\"fa fa-circle-o\"><\/i> <\/tr><\/table>\n|uhtml|bestof|<h2><strong>Game 1<\/strong> of <a href=\"\/game-bestof3-gen9vgc2026regfbo3-2493174547-lppblu791pxpu8qvj1gbiv4860r61kepw\">a best-of-3<\/a><\/h2>\n|t:|1764814957\n|gametype|doubles\n|player|p1|mofonguero|1|1197\n|player|p2|Lunger33|266|1182\n|gen|9\n|tier|[Gen 9] VGC 2026 Reg F (Bo3)\n|rated|\n|rule|Species Clause: Limit one of each Pok\u00e9mon\n|rule|Item Clause: Limit 1 of each item\n|clearpoke\n|poke|p1|Grimmsnarl, L50, M|\n|poke|p1|Landorus, L50, M|\n|poke|p1|Urshifu-*, L50, F|\n|poke|p1|Ogerpon-Hearthflame, L50, F|\n|poke|p1|Raging Bolt, L50|\n|poke|p1|Chien-Pao, L50|\n|poke|p2|Urshifu-*, L50, F|\n|poke|p2|Rillaboom, L50, F|\n|poke|p2|Incineroar, L50, F|\n|poke|p2|Raging Bolt, L50|\n|poke|p2|Torkoal, L50, M|\n|poke|p2|Farigiraf, L50, M|\n|teampreview|4\n|showteam|p1|Grimmsnarl||LightClay|Prankster|Reflect,LightScreen,ThunderWave,SpiritBreak|||M|||50|,,,,,Ghost]Landorus||LifeOrb|SheerForce|EarthPower,SludgeBomb,SandsearStorm,Protect|||M|||50|,,,,,Water]Urshifu-Rapid-Strike||MysticWater|UnseenFist|SurgingStrikes,CloseCombat,AquaJet,Detect|||F|||50|,,,,,Water]Ogerpon-Hearthflame||HearthflameMask|MoldBreaker|IvyCudgel,WoodHammer,FollowMe,SpikyShield|||F|||50|,,,,,Fire]Raging Bolt||AssaultVest|Protosynthesis|Electroweb,DragonPulse,Thunderclap,VoltSwitch||||||50|,,,,,Electric]Chien-Pao||FocusSash|SwordofRuin|IcicleCrash,SuckerPunch,SacredSword,Protect||||||50|,,,,,Ghost\n|showteam|p2|Urshifu-Rapid-Strike||ChoiceScarf|UnseenFist|SurgingStrikes,CloseCombat,AquaJet,Uturn|||F|||50|,,,,,Grass]Rillaboom||AssaultVest|GrassySurge|FakeOut,WoodHammer,GrassyGlide,Uturn|||F|||50|,,,,,Fire]Incineroar||SafetyGoggles|Intimidate|FakeOut,FlareBlitz,KnockOff,PartingShot|||F|||50|,,,,,Ghost]Raging Bolt||Leftovers|Protosynthesis|DragonPulse,Thunderbolt,CalmMind,Protect||||||50|,,,,,Fairy]Torkoal||Charcoal|Drought|Eruption,WeatherBall,EarthPower,HelpingHand|||M|||50|,,,,,Fire]Farigiraf||ThroatSpray|ArmorTail|Psychic,HyperVoice,TrickRoom,BatonPass|||M|||50|,,,,,Fairy\n|\n|t:|1764814981\n|teamsize|p1|4\n|teamsize|p2|4\n|start\n|switch|p1a: Grimmsnarl|Grimmsnarl, L50, M|100\/100\n|switch|p1b: Landorus|Landorus, L50, M|100\/100\n|switch|p2a: Incineroar|Incineroar, L50, F|100\/100\n|switch|p2b: Farigiraf|Farigiraf, L50, M|100\/100\n|-ability|p2a: Incineroar|Intimidate|boost\n|-unboost|p1a: Grimmsnarl|atk|1\n|-unboost|p1b: Landorus|atk|1\n|turn|1\n|inactive|Battle timer is ON: inactive players will automatically lose when time's up. (requested by mofonguero)\n|\n|t:|1764815032\n|move|p2a: Incineroar|Fake Out|p1b: Landorus\n|-damage|p1b: Landorus|87\/100\n|move|p1a: Grimmsnarl|Reflect|p1a: Grimmsnarl\n|-sidestart|p1: mofonguero|Reflect\n|cant|p1b: Landorus|flinch\n|move|p2b: Farigiraf|Trick Room|p2b: Farigiraf\n|-fieldstart|move: Trick Room|[of] p2b: Farigiraf\n|\n|upkeep\n|turn|2\n|inactive|Lunger33 has 30 seconds left.\n|\n|t:|1764815067\n|move|p1b: Landorus|Protect|p1b: Landorus\n|-singleturn|p1b: Landorus|Protect\n|move|p2b: Farigiraf|Hyper Voice|p1a: Grimmsnarl|[spread] p1a\n|-activate|p1b: Landorus|move: Protect\n|-damage|p1a: Grimmsnarl|71\/100\n|-enditem|p2b: Farigiraf|Throat Spray\n|-boost|p2b: Farigiraf|spa|1|[from] item: Throat Spray\n|move|p1a: Grimmsnarl|Spirit Break|p2b: Farigiraf\n|-damage|p2b: Farigiraf|83\/100\n|-unboost|p2b: Farigiraf|spa|1\n|move|p2a: Incineroar|Parting Shot|p1a: Grimmsnarl\n|-unboost|p1a: Grimmsnarl|atk|1\n|-unboost|p1a: Grimmsnarl|spa|1\n|\n|t:|1764815081\n|switch|p2a: Torkoal|Torkoal, L50, M|100\/100|[from] Parting Shot\n|-weather|SunnyDay|[from] ability: Drought|[of] p2a: Torkoal\n|\n|-weather|SunnyDay|[upkeep]\n|upkeep\n|turn|3\n|\n|t:|1764815104\n|-terastallize|p2a: Torkoal|Fire\n|-terastallize|p1b: Landorus|Water\n|move|p1a: Grimmsnarl|Light Screen|p1a: Grimmsnarl\n|-sidestart|p1: mofonguero|move: Light Screen\n|move|p2a: Torkoal|Eruption|p1a: Grimmsnarl|[spread] p1a,p1b\n|-resisted|p1b: Landorus\n|-damage|p1a: Grimmsnarl|0 fnt\n|-damage|p1b: Landorus|37\/100\n|faint|p1a: Grimmsnarl\n|move|p2b: Farigiraf|Hyper Voice|p1b: Landorus\n|-damage|p1b: Landorus|11\/100\n|move|p1b: Landorus|Earth Power|p2a: Torkoal\n|-supereffective|p2a: Torkoal\n|-damage|p2a: Torkoal|0 fnt\n|faint|p2a: Torkoal\n|\n|-weather|SunnyDay|[upkeep]\n|upkeep\n|\n|t:|1764815120\n|switch|p2a: Raging Bolt|Raging Bolt, L50|100\/100\n|switch|p1a: Raging Bolt|Raging Bolt, L50|100\/100\n|-activate|p2a: Raging Bolt|ability: Protosynthesis\n|-start|p2a: Raging Bolt|protosynthesisspa\n|-activate|p1a: Raging Bolt|ability: Protosynthesis\n|-start|p1a: Raging Bolt|protosynthesisspa\n|turn|4\n|\n|t:|1764815138\n|switch|p1b: Ogerpon|Ogerpon-Hearthflame, L50, F|100\/100\n|-ability|p1b: Ogerpon|Mold Breaker\n|move|p2a: Raging Bolt|Protect|p2a: Raging Bolt\n|-singleturn|p2a: Raging Bolt|Protect\n|move|p2b: Farigiraf|Hyper Voice|p1a: Raging Bolt|[spread] p1a,p1b\n|-crit|p1a: Raging Bolt\n|-damage|p1a: Raging Bolt|79\/100\n|-damage|p1b: Ogerpon|83\/100\n|move|p1a: Raging Bolt|Dragon Pulse|p2a: Raging Bolt\n|-activate|p2a: Raging Bolt|move: Protect\n|\n|-weather|SunnyDay|[upkeep]\n|upkeep\n|turn|5\n|\n|t:|1764815160\n|move|p2b: Farigiraf|Hyper Voice|p1b: Ogerpon|[spread] p1a,p1b\n|-crit|p1b: Ogerpon\n|-damage|p1a: Raging Bolt|69\/100\n|-damage|p1b: Ogerpon|48\/100\n|move|p2a: Raging Bolt|Dragon Pulse|p1a: Raging Bolt\n|-supereffective|p1a: Raging Bolt\n|-damage|p1a: Raging Bolt|20\/100\n|move|p1a: Raging Bolt|Dragon Pulse|p2a: Raging Bolt\n|-supereffective|p2a: Raging Bolt\n|-damage|p2a: Raging Bolt|2\/100\n|move|p1b: Ogerpon|Ivy Cudgel|p2b: Farigiraf|[anim] Ivy Cudgel Fire\n|-damage|p2b: Farigiraf|24\/100\n|\n|-weather|SunnyDay|[upkeep]\n|-heal|p2a: Raging Bolt|8\/100|[from] item: Leftovers\n|-fieldend|move: Trick Room\n|upkeep\n|turn|6\n|\n|t:|1764815185\n|switch|p2b: Incineroar|Incineroar, L50, F|100\/100\n|-ability|p2b: Incineroar|Intimidate|boost\n|-unboost|p1a: Raging Bolt|atk|1\n|-unboost|p1b: Ogerpon|atk|1\n|move|p2a: Raging Bolt|Protect|p2a: Raging Bolt\n|-singleturn|p2a: Raging Bolt|Protect\n|move|p1b: Ogerpon|Follow Me|p1b: Ogerpon\n|-singleturn|p1b: Ogerpon|move: Follow Me\n|move|p1a: Raging Bolt|Dragon Pulse|p2b: Incineroar\n|-damage|p2b: Incineroar|47\/100\n|\n|-weather|none\n|-end|p1a: Raging Bolt|Protosynthesis\n|-end|p2a: Raging Bolt|Protosynthesis\n|-heal|p2a: Raging Bolt|14\/100|[from] item: Leftovers\n|upkeep\n|turn|7\n|\n|t:|1764815204\n|move|p1b: Ogerpon|Ivy Cudgel|p2a: Raging Bolt|[anim] Ivy Cudgel Fire\n|-resisted|p2a: Raging Bolt\n|-damage|p2a: Raging Bolt|2\/100\n|move|p1a: Raging Bolt|Dragon Pulse|p2a: Raging Bolt\n|-supereffective|p2a: Raging Bolt\n|-damage|p2a: Raging Bolt|0 fnt\n|faint|p2a: Raging Bolt\n|-end|p2a: Raging Bolt|Protosynthesis|[silent]\n|move|p2b: Incineroar|Knock Off|p1a: Raging Bolt\n|-damage|p1a: Raging Bolt|0 fnt\n|-enditem|p1a: Raging Bolt|Assault Vest|[from] move: Knock Off|[of] p2b: Incineroar\n|faint|p1a: Raging Bolt\n|-end|p1a: Raging Bolt|Protosynthesis|[silent]\n|\n|upkeep\n|\n|t:|1764815216\n|switch|p1a: Landorus|Landorus, L50, M, tera:Water|11\/100\n|switch|p2a: Farigiraf|Farigiraf, L50, M|24\/100\n|turn|8\n|\n|t:|1764815227\n|move|p1b: Ogerpon|Ivy Cudgel|p2a: Farigiraf|[anim] Ivy Cudgel Fire\n|-damage|p2a: Farigiraf|0 fnt\n|faint|p2a: Farigiraf\n|move|p1a: Landorus|Earth Power|p2b: Incineroar\n|-supereffective|p2b: Incineroar\n|-damage|p2b: Incineroar|0 fnt\n|faint|p2b: Incineroar\n|\n|win|mofonguero\n||Lunger33 is ready for game 2.\n||mofonguero is ready for game 2.\n|uhtml|next|Next: <a href=\"\/battle-gen9vgc2026regfbo3-2493176568-j1ucg2knvi4024jl0nrvgi7hs76jy6npw\"><strong>Game 2 of 3<\/strong><\/a>\n","uploadtime":1764814959,"views":6,"formatid":"gen9vgc2026regfbo3","rating":null,"private":1,"password":"tb9i5jswp3t1b9c3074bi0e032blu6k"}