{"id":"gen9vgc2026regfbo3-2493794500","format":"[Gen 9] VGC 2026 Reg F (Bo3)","players":["mofonguero","Raohed"],"log":"|j|\u2606mofonguero\n|j|\u2606Raohed\n|html|<table width=\"100%\"><tr><td align=\"left\">mofonguero<\/td><td align=\"right\">Raohed<\/tr><tr><td align=\"left\"><i class=\"fa fa-circle\"><\/i> <i class=\"fa fa-circle-o\"><\/i> <\/td><td align=\"right\"><i class=\"fa fa-circle-o\"><\/i> <i class=\"fa fa-circle\"><\/i> <\/tr><\/table>\n|uhtml|bestof|<h2><strong>Game 3<\/strong> of <a href=\"\/game-bestof3-gen9vgc2026regfbo3-2493790532-owbra3llb90b5mu5sg8dkkq3yx8s6uqpw\">a best-of-3<\/a><\/h2>\n|t:|1764898029\n|gametype|doubles\n|player|p1|mofonguero|101|1304\n|player|p2|Raohed|iris-gen5bw2|1356\n|gen|9\n|tier|[Gen 9] VGC 2026 Reg F (Bo3)\n|rated|\n|rule|Species Clause: Limit one of each Pok\u00e9mon\n|rule|Item Clause: Limit 1 of each item\n|clearpoke\n|poke|p1|Grimmsnarl, L50, M|\n|poke|p1|Landorus, L50, M|\n|poke|p1|Urshifu-*, L50, F|\n|poke|p1|Ogerpon-Hearthflame, L50, F|\n|poke|p1|Raging Bolt, L50|\n|poke|p1|Chien-Pao, L50|\n|poke|p2|Hatterene, L50, F|\n|poke|p2|Indeedee-F, L50, F|\n|poke|p2|Smeargle, L50, M|\n|poke|p2|Torkoal, L50, F|\n|poke|p2|Farigiraf, L50, F|\n|poke|p2|Urshifu-*, L50, F|\n|teampreview|4\n|showteam|p1|Grimmsnarl||LightClay|Prankster|Reflect,LightScreen,ThunderWave,SpiritBreak|||M|||50|,,,,,Ghost]Landorus||LifeOrb|SheerForce|EarthPower,SludgeBomb,SandsearStorm,Protect|||M|||50|,,,,,Water]Urshifu-Rapid-Strike||MysticWater|UnseenFist|SurgingStrikes,CloseCombat,AquaJet,Detect|||F|||50|,,,,,Water]Ogerpon-Hearthflame||HearthflameMask|MoldBreaker|IvyCudgel,WoodHammer,FollowMe,SpikyShield|||F|||50|,,,,,Fire]Raging Bolt||AssaultVest|Protosynthesis|Electroweb,DragonPulse,Thunderclap,VoltSwitch||||||50|,,,,,Electric]Chien-Pao||FocusSash|SwordofRuin|IcicleCrash,SuckerPunch,SacredSword,Protect||||||50|,,,,,Ghost\n|showteam|p2|Hatterene||CovertCloak|MagicBounce|ExpandingForce,DazzlingGleam,Protect,TrickRoom|||F|||50|,,,,,Fire]Indeedee-F||SafetyGoggles|PsychicSurge|Psyshock,FollowMe,HealingWish,TrickRoom|||F|||50|,,,,,Dragon]Smeargle||FocusSash|Technician|FakeOut,FollowMe,Spore,Decorate|||M|||50|,,,,,Grass]Torkoal||ChoiceSpecs|Drought|Eruption,EarthPower,HeatWave,WeatherBall|||F|||50|,,,,,Fire]Farigiraf||ThroatSpray|ArmorTail|HyperVoice,Psyshock,Protect,TrickRoom|||F|||50|,,,,,Fire]Urshifu||ChoiceBand|UnseenFist|WickedBlow,CloseCombat,PoisonJab,SuckerPunch|||F|||50|,,,,,Grass\n|inactive|Battle timer is ON: inactive players will automatically lose when time's up. (requested by mofonguero)\n|\n|t:|1764898058\n|teamsize|p1|4\n|teamsize|p2|4\n|start\n|switch|p1a: Grimmsnarl|Grimmsnarl, L50, M|100\/100\n|switch|p1b: Ogerpon|Ogerpon-Hearthflame, L50, F|100\/100\n|switch|p2a: Farigiraf|Farigiraf, L50, F|100\/100\n|switch|p2b: Smeargle|Smeargle, L50, M|100\/100\n|-ability|p1b: Ogerpon|Mold Breaker\n|turn|1\n|\n|t:|1764898068\n|-terastallize|p2a: Farigiraf|Fire\n|move|p2b: Smeargle|Fake Out|p1a: Grimmsnarl\n|-damage|p1a: Grimmsnarl|94\/100\n|move|p1b: Ogerpon|Follow Me|p1b: Ogerpon\n|-singleturn|p1b: Ogerpon|move: Follow Me\n|cant|p1a: Grimmsnarl|flinch\n|move|p2a: Farigiraf|Hyper Voice|p1a: Grimmsnarl|[spread] p1a,p1b\n|-damage|p1a: Grimmsnarl|56\/100\n|-damage|p1b: Ogerpon|63\/100\n|-enditem|p2a: Farigiraf|Throat Spray\n|-boost|p2a: Farigiraf|spa|1|[from] item: Throat Spray\n|\n|upkeep\n|turn|2\n|\n|t:|1764898078\n|move|p1b: Ogerpon|Follow Me|p1b: Ogerpon\n|-singleturn|p1b: Ogerpon|move: Follow Me\n|move|p2b: Smeargle|Follow Me|p2b: Smeargle\n|-singleturn|p2b: Smeargle|move: Follow Me\n|move|p1a: Grimmsnarl|Spirit Break|p2b: Smeargle\n|-damage|p2b: Smeargle|38\/100\n|-unboost|p2b: Smeargle|spa|1\n|move|p2a: Farigiraf|Trick Room|p2a: Farigiraf\n|-fieldstart|move: Trick Room|[of] p2a: Farigiraf\n|\n|upkeep\n|turn|3\n|\n|t:|1764898083\n|move|p1b: Ogerpon|Spiky Shield|p1b: Ogerpon\n|-singleturn|p1b: Ogerpon|move: Protect\n|move|p2b: Smeargle|Follow Me|p2b: Smeargle\n|-singleturn|p2b: Smeargle|move: Follow Me\n|move|p1a: Grimmsnarl|Light Screen|p1a: Grimmsnarl\n|-sidestart|p1: mofonguero|move: Light Screen\n|move|p2a: Farigiraf|Hyper Voice|p1b: Ogerpon|[spread] p1a\n|-activate|p1b: Ogerpon|move: Protect\n|-damage|p1a: Grimmsnarl|19\/100\n|\n|upkeep\n|turn|4\n|\n|t:|1764898093\n|switch|p2b: Urshifu|Urshifu, L50, F|100\/100\n|switch|p1b: Landorus|Landorus, L50, M|100\/100\n|move|p2a: Farigiraf|Hyper Voice|p1b: Landorus|[spread] p1a,p1b\n|-damage|p1a: Grimmsnarl|0 fnt\n|-damage|p1b: Landorus|61\/100\n|faint|p1a: Grimmsnarl\n|\n|upkeep\n|\n|t:|1764898102\n|switch|p1a: Ogerpon|Ogerpon-Hearthflame, L50, F|63\/100\n|-ability|p1a: Ogerpon|Mold Breaker\n|turn|5\n|\n|t:|1764898111\n|move|p1a: Ogerpon|Follow Me|p1a: Ogerpon\n|-singleturn|p1a: Ogerpon|move: Follow Me\n|move|p2a: Farigiraf|Hyper Voice|p1b: Landorus|[spread] p1a,p1b\n|-damage|p1a: Ogerpon|30\/100\n|-damage|p1b: Landorus|17\/100\n|move|p2b: Urshifu|Wicked Blow|p1a: Ogerpon\n|-crit|p1a: Ogerpon\n|-damage|p1a: Ogerpon|0 fnt\n|faint|p1a: Ogerpon\n|move|p1b: Landorus|Sandsear Storm|p2a: Farigiraf|[spread] p2a,p2b\n|-supereffective|p2a: Farigiraf\n|-damage|p2a: Farigiraf|0 fnt\n|-damage|p2b: Urshifu|32\/100\n|faint|p2a: Farigiraf\n|\n|upkeep\n|\n|t:|1764898127\n|switch|p2a: Torkoal|Torkoal, L50, F|100\/100\n|switch|p1a: Raging Bolt|Raging Bolt, L50|100\/100\n|-weather|SunnyDay|[from] ability: Drought|[of] p2a: Torkoal\n|-activate|p1a: Raging Bolt|ability: Protosynthesis\n|-start|p1a: Raging Bolt|protosynthesisspa\n|turn|6\n|\n|t:|1764898149\n|move|p1b: Landorus|Protect|p1b: Landorus\n|-singleturn|p1b: Landorus|Protect\n|move|p1a: Raging Bolt|Thunderclap|p2b: Urshifu\n|-damage|p2b: Urshifu|0 fnt\n|faint|p2b: Urshifu\n|move|p2a: Torkoal|Heat Wave|p1a: Raging Bolt|[spread] p1a\n|-activate|p1b: Landorus|move: Protect\n|-resisted|p1a: Raging Bolt\n|-damage|p1a: Raging Bolt|87\/100\n|\n|-weather|SunnyDay|[upkeep]\n|-fieldend|move: Trick Room\n|upkeep\n|\n|t:|1764898155\n|switch|p2b: Smeargle|Smeargle, L50, M|38\/100\n|turn|7\n|inactive|Raohed has 30 seconds left.\n|inactive|Raohed has 20 seconds left.\n|inactive|Raohed has 15 seconds left.\n|inactive|Raohed has 10 seconds left.\n|\n|t:|1764898200\n|move|p2b: Smeargle|Fake Out|p1b: Landorus\n|-damage|p1b: Landorus|9\/100\n|cant|p1b: Landorus|flinch\n|move|p1a: Raging Bolt|Electroweb|p2b: Smeargle|[spread] p2a,p2b\n|-damage|p2a: Torkoal|62\/100\n|-damage|p2b: Smeargle|0 fnt\n|-unboost|p2a: Torkoal|spe|1\n|faint|p2b: Smeargle\n|move|p2a: Torkoal|Heat Wave|p1b: Landorus|[spread] p1a,p1b\n|-resisted|p1a: Raging Bolt\n|-damage|p1a: Raging Bolt|74\/100\n|-damage|p1b: Landorus|0 fnt\n|faint|p1b: Landorus\n|\n|-weather|SunnyDay|[upkeep]\n|upkeep\n|turn|8\n|-message|Raohed forfeited.\n|\n|win|mofonguero\n","uploadtime":1764898034,"views":124,"formatid":"gen9vgc2026regfbo3","rating":null,"private":1,"password":"fcg4pydu0hsbws6jxslm8ilb1w72edq"}